@article{10.7287/peerj.preprints.374v1,
 title = {Ph{D}-thesis: {P}rotein structure determination using chemical shifts},
 author = {Christensen, Anders S},
 year = {2014},
 month = {4},
 volume = {2},
 pages = {e374v1},
 journal = {PeerJ PrePrints},
 issn = {2167-9843},
 url = {http://dx.doi.org/10.7287/peerj.preprints.374v1},
 doi = {10.7287/peerj.preprints.374v1}
}


@article{LangePNAS2012,
author = {O F Lange and P Rossi and N G Sgourakis and Y Song and H-W Lee and J M Arami and A Ertekin and R Xiao and T B Acton and G T Montelione and D Baker},
title = {Determination of solution structures of proteins
up to 40 kDa using CS-Rosetta with sparse
NMR data from deuterated samples},
journal = {Proc. Natl. Acad. Sci.},
volume = {109},
pages = {10973-10878},
year = {2012}
}
